@article{chaitin,
  title={Information-theoretic limitations of formal systems},
  author={Chaitin, Gregory J},
  journal={Journal of the ACM (JACM)},
  volume={21},
  number={3},
  pages={403--424},
  year={1974},
  publisher={ACM New York, NY, USA}
}

@article{rice,
  title={Classes of recursively enumerable sets and their decision problems},
  author={Rice, Henry Gordon},
  journal={Transactions of the American Mathematical Society},
  volume={74},
  number={2},
  pages={358--366},
  year={1953},
  publisher={JSTOR}
}

@article{turing,
  title={{On computable numbers, with an application to the Entscheidungsproblem}},
  author={Turing, Alan Mathison},
  journal={Proceedings of the London mathematical society},
  volume={2},
  number={1},
  pages={230--265},
  year={1937},
  publisher={Wiley Online Library}
}

@article{kolmogorov,
  title={On tables of random numbers},
  author={Kolmogorov, Andrei N},
  journal={Sankhy{\=a}: The Indian Journal of Statistics, Series A},
  pages={369--376},
  year={1963},
  publisher={JSTOR}
}
